@misc{InternetAutorouteDesinformation,
  title = {{Internet, l'autoroute de la d{\'e}sinformation ?}},
  journal = {CNRS Le journal},
  urldate = {2023-12-27},
  abstract = {{\guillemotleft} Soyez-y, ce sera sauvage ! {\guillemotright}, avait exhort{\'e} Donald Trump sur Twitter avant l'invasion du Capitole le 6 janvier 2021, reconstitu{\'e}e mi-juin par une commission d'enqu{\^e}te. L'ancien pr{\'e}sident criait {\`a} la fraude {\'e}lectorale... Fake news et manipulations de l'opinion ont-elles vraiment fait d'Internet une autoroute de la d{\'e}sinformation ? Plusieurs {\'e}tudes offrent un tableau plus nuanc{\'e}.},
  howpublished = {https://lejournal.cnrs.fr/articles/internet-lautoroute-de-la-desinformation},
  langid = {french},
  keywords = {\_internetAutorouteDeLaDesinformation},
  file = {C:\Users\El Fab Nyl\Zotero\storage\U99PRS3P\internet-lautoroute-de-la-desinformation.html}
}
